<record><leader>00000cas a22000007a 4500</leader><controlfield tag="001">22342963</controlfield><controlfield tag="008">900907d19251980mauwr ne      0    0eng d</controlfield><datafield ind1=" " ind2=" " tag="010"><subfield code="a">sn 89062468 </subfield></datafield><datafield ind1=" " ind2=" " tag="040"><subfield code="a">MGN</subfield><subfield code="b">eng</subfield><subfield code="c">MGN</subfield><subfield code="d">OCLCQ</subfield></datafield><datafield ind1=" " ind2=" " tag="042"><subfield code="a">msc</subfield></datafield><datafield ind1="0" ind2="4" tag="245"><subfield code="a">The Palmer journal and Monson register.</subfield></datafield><datafield ind1="1" ind2="7" tag="246"><subfield code="a">Palmer-Monson register</subfield></datafield><datafield ind1=" " ind2=" " tag="260"><subfield code="a">Palmer, Mass. :</subfield><subfield code="b">Pioneer Enterprises, Inc.</subfield></datafield><datafield ind1=" " ind2=" " tag="300"><subfield code="a">v.</subfield></datafield><datafield ind1=" " ind2=" " tag="310"><subfield code="a">Weekly</subfield></datafield><datafield ind1="1" ind2=" " tag="362"><subfield code="a">Began in 1925?</subfield></datafield><datafield ind1="0" ind2=" " tag="362"><subfield code="a">-v. 130, no. 38 (Dec. 31, 1980).</subfield></datafield><datafield ind1=" " ind2=" " tag="588"><subfield code="a">Description based on: Vol. 117, no. 26 (Jan. 8, 1976).</subfield></datafield><datafield ind1=" " ind2=" " tag="752"><subfield code="a">United States</subfield><subfield code="b">Massachusetts</subfield><subfield code="c">Hampden</subfield><subfield code="d">Palmer.</subfield></datafield><datafield ind1=" " ind2=" " tag="752"><subfield code="a">United States</subfield><subfield code="b">Massachusetts</subfield><subfield code="c">Hampden</subfield><subfield code="d">Monson.</subfield></datafield><datafield ind1="0" ind2="0" tag="780"><subfield code="t">Palmer journal (Palmer, Mass.)</subfield><subfield code="w">(DLC)sn 83020684</subfield></datafield><datafield ind1="0" ind2="0" tag="785"><subfield code="t">Journal register (Palmer, Mass.)</subfield><subfield code="w">(DLC)sn 89062469</subfield></datafield><datafield ind1="1" ind2=" " tag="029"><subfield code="a">AU@</subfield><subfield code="b">000025851439</subfield></datafield></record>